% !Mode:: "TeX:UTF-8"

@article{mei2017_38_44,
  title={基于加权类分数傅立叶变换的变换域通信系统},
  author={梅林 and 房宵杰 and 沙学军},
  journal={中兴通讯技术},
  volume={23},
  number={3},
  pages={38-44},
  year={2017},
}
